% Encoding: UTF-8
@article{cervero2002transit,
  title={Transit-oriented development and joint development in the United States: A literature review},
  author={Cervero, Robert and Ferrell, Christopher and Murphy, Steven},
  journal={TCRP research results digest},
  number={52},
  year={2002}
}
@book{un2014world,
  title={World Urbanization Prospects: The 2014 Revision, Highlights},
  author={United Nations, Department of Economic and Social Affairs, Population Division},
  year={2014},
  publisher={United Nations}
}
@article{boarnet1997story,
  title={LA story: A reality check for transit-based housing},
  author={Boarnet, Marlon and Crane, Randall},
  journal={Journal of the American Planning Association},
  volume={63},
  number={2},
  pages={189--204},
  year={1997},
  publisher={Taylor \& Francis}
}
@book{bernick1997transit,
  title={Transit villages in the 21st century},
  author={Bernick, Michael and Cervero, Robert},
  year={1997}
}

@TechReport{megally2001california,
  author  = {Megally, Sami Hanna and Silva, Pedro F. and Seible, Frieder},
  title   = {California department of transportation},
  year    = {2002},
  journal = {SSRP},
}
@article{taylor2003factors,
  title={The factors influencing transit ridership: A review and analysis of the ridership literature},
  author={Taylor, Brian D and Fink, Camille NY},
  year={2003}
}
@incollection{mcnally2007four,
  title={The four-step model},
  author={McNally, Michael G},
  booktitle={Handbook of Transport Modelling: 2nd Edition},
  pages={35--53},
  year={2007},
  publisher={Emerald Group Publishing Limited}
}
@article{ewing2010travel,
  title={Travel and the built environment: a meta-analysis},
  author={Ewing, Reid and Cervero, Robert},
  journal={Journal of the American planning association},
  volume={76},
  number={3},
  pages={265--294},
  year={2010},
  publisher={Taylor \& Francis}
}
@article{lane2006sketch,
  title={Sketch models to forecast commuter and light rail ridership: Update to TCRP report 16},
  author={Lane, Clayton and DiCarlantonio, Mary and Usvyat, Len},
  journal={Transportation Research Record: Journal of the Transportation Research Board},
  number={1986},
  pages={198--210},
  year={2006},
  publisher={Transportation Research Board of the National Academies}
}
@article{crane1998does,
	title={Does neighborhood design influence travel?: A behavioral analysis of travel diary and GIS data1},
	author={Crane, Randall and Crepeau, Richard},
	journal={Transportation Research Part D: Transport and Environment},
	volume={3},
	number={4},
	pages={225--238},
	year={1998},
	publisher={Elsevier}
}
@article{walters2003forecasting,
	title={Forecasting transit demand in a fast growing corridor: The direct-ridership model approach},
	author={Walters, Gerald and Cervero, Robert},
	journal={Fehrs and Peers Associates},
	year={2003}
}
@article{boyce1994introducing,
	title={Introducing "feedback" into four-step travel forecasting procedure versus equilibrium solution of combined model},
	author={Boyce, David E and Zhang, Yu-Fang and Lupa, Mary R},
	journal={Transportation Research Record},
	volume={1443},
	pages={65--74},
	year={1994},
	publisher={NATIONAL ACADEMY OF SCIENCES}
}
@article{song2004measuring,
	title={Measuring the effects of mixed land uses on housing values},
	author={Song, Yan and Knaap, Gerrit-Jan},
	journal={Regional Science and Urban Economics},
	volume={34},
	number={6},
	pages={663--680},
	year={2004},
	publisher={Elsevier}
}
@article{nakaya2014gwr4,
	title={GWR4 user manual},
	author={Nakaya, Tomoki},
	journal={WWW Document. Available online: http://www. st-andrews. ac. uk/geoinformatics/wp-content/uploads/GWR4manual\_201311. pdf (accessed on 4 November 2013)},
	year={2014}
}
@article{guerra2013half,
	title={Is a Half-Mile Circle the Right Standard for TODs?},
	author={Guerra, Erick and Cervero, Robert},
	year={2013}
}
@article{bhat2007comprehensive,
	title={A comprehensive analysis of built environment characteristics on household residential choice and auto ownership levels},
	author={Bhat, Chandra R and Guo, Jessica Y},
	journal={Transportation Research Part B: Methodological},
	volume={41},
	number={5},
	pages={506--526},
	year={2007},
	publisher={Elsevier}
}
@article{brunsdon1996geographically,
	title={Geographically weighted regression: a method for exploring spatial nonstationarity},
	author={Brunsdon, Chris and Fotheringham, A Stewart and Charlton, Martin E},
	journal={Geographical analysis},
	volume={28},
	number={4},
	pages={281--298},
	year={1996},
	publisher={Wiley Online Library}
}
@article{miller1999potential,
	title={Potential contributions of spatial analysis to geographic information systems for transportation (GIS-T)},
	author={Miller, Harvey J},
	journal={Geographical Analysis},
	volume={31},
	number={4},
	pages={373--399},
	year={1999},
	publisher={Wiley Online Library}
}
@article{duduta2013direct,
	title={Direct ridership models of bus rapid transit and metro systems in Mexico City, Mexico},
	author={Duduta, Nicolae},
	journal={Transportation Research Record: Journal of the Transportation Research Board},
	number={2394},
	pages={93--99},
	year={2013},
	publisher={Transportation Research Board of the National Academies}
}
@article{cervero2006alternative,
	title={Alternative approaches to modeling the travel-demand impacts of smart growth},
	author={Cervero, Robert},
	journal={Journal of the American Planning Association},
	volume={72},
	number={3},
	pages={285--295},
	year={2006},
	publisher={Taylor \& Francis}
}
@article{bohannon1997comfortable,
	title={Comfortable and maximum walking speed of adults aged 20â€”79 years: reference values and determinants},
	author={Bohannon, Richard W},
	journal={Age and ageing},
	volume={26},
	number={1},
	pages={15--19},
	year={1997},
	publisher={Oxford University Press}
}
@article{o1996walking,
	title={Walking distances to and from light-rail transit stations},
	author={O'Sullivan, Sean and Morrall, John},
	journal={Transportation research record: journal of the transportation research board},
	number={1538},
	pages={19--26},
	year={1996},
	publisher={Transportation Research Board of the National Academies}
}
@article{beimborn2003accessibility,
	title={Accessibility, connectivity, and captivity: impacts on transit choice},
	author={Beimborn, Edward and Greenwald, Michael and Jin, Xia},
	journal={Transportation Research Record: Journal of the Transportation Research Board},
	number={1835},
	pages={1--9},
	year={2003},
	publisher={Transportation Research Board of the National Academies}
}
@article{alshalalfah2007case,
	title={Case study: Relationship of walk access distance to transit with service, travel, and personal characteristics},
	author={Alshalalfah, BW and Shalaby, Amer S},
	journal={Journal of urban planning and development},
	volume={133},
	number={2},
	pages={114--118},
	year={2007},
	publisher={American Society of Civil Engineers}
}
@article{zhao2003forecasting,
	title={Forecasting transit walk accessibility: Regression model alternative to buffer method},
	author={Zhao, Fang and Chow, Lee-Fang and Li, Min-Tang and Ubaka, Ike and Gan, Albert},
	journal={Transportation Research Record: Journal of the Transportation Research Board},
	number={1835},
	pages={34--41},
	year={2003},
	publisher={Transportation Research Board of the National Academies}
}
@article{keijer2000people,
	title={How do people get to the railway station? The Dutch experience},
	author={Keijer, MJN and Rietveld, Piet},
	journal={Transportation Planning and Technology},
	volume={23},
	number={3},
	pages={215--235},
	year={2000},
	publisher={Taylor \& Francis}
}
@article{chakraborty2013land,
	title={Land use and transit ridership connections: Implications for state-level planning agencies},
	author={Chakraborty, Arnab and Mishra, Sabyasachee},
	journal={Land Use Policy},
	volume={30},
	number={1},
	pages={458--469},
	year={2013},
	publisher={Elsevier}
}
@article{murray1998public,
	title={Public transportation access},
	author={Murray, Alan T and Davis, Rex and Stimson, Robert J and Ferreira, Luis},
	journal={Transportation Research Part D: Transport and Environment},
	volume={3},
	number={5},
	pages={319--328},
	year={1998},
	publisher={Elsevier}
}
@article{cervero2002built,
	title={Built environments and mode choice: toward a normative framework},
	author={Cervero, Robert},
	journal={Transportation Research Part D: Transport and Environment},
	volume={7},
	number={4},
	pages={265--284},
	year={2002},
	publisher={Elsevier}
}
@article{zhao2013influences,
	title={What influences Metro station ridership in China? Insights from Nanjing},
	author={Zhao, Jinbao and Deng, Wei and Song, Yan and Zhu, Yueran},
	journal={Cities},
	volume={35},
	pages={114--124},
	year={2013},
	publisher={Elsevier}
}
@article{sung2011transit,
	title={Transit-oriented development in a high-density city: Identifying its association with transit ridership in Seoul, Korea},
	author={Sung, Hyungun and Oh, Ju-Taek},
	journal={Cities},
	volume={28},
	number={1},
	pages={70--82},
	year={2011},
	publisher={Elsevier}
}
@article{thompson2012really,
	title={What really matters for increasing transit ridership: Understanding the determinants of transit ridership demand in Broward County, Florida},
	author={Thompson, Gregory and Brown, Jeffrey and Bhattacharya, Torsha},
	journal={Urban Studies},
	volume={49},
	number={15},
	pages={3327--3345},
	year={2012},
	publisher={SAGE Publications Sage UK: London, England}
}
@article{loo2010rail,
	title={Rail-based transit-oriented development: lessons from New York City and Hong Kong},
	author={Loo, Becky PY and Chen, Cynthia and Chan, Eric TH},
	journal={Landscape and Urban Planning},
	volume={97},
	number={3},
	pages={202--212},
	year={2010},
	publisher={Elsevier}
}
@article{zhao2005transit,
	title={A transit ridership model based on geographically weighted regression and service quality variables},
	author={Zhao, Fang and Chow, L and Li, M and Liu, Xuemei},
	journal={Lehman Center for Transportation Research, Florida International University, Miami, Florida. http://lctr. eng. fiu. edu/re-project-link/finalDO97591\_BW. pdf (accessed December 12, 2010)},
	year={2005}
}
@article{sohn2010factors,
	title={Factors generating boardings at Metro stations in the Seoul metropolitan area},
	author={Sohn, Keemin and Shim, Hyunjin},
	journal={Cities},
	volume={27},
	number={5},
	pages={358--368},
	year={2010},
	publisher={Elsevier}
}
@article{chiou2015factors,
	title={Factors affecting public transportation usage rate: Geographically weighted regression},
	author={Chiou, Yu-Chiun and Jou, Rong-Chang and Yang, Cheng-Han},
	journal={Transportation Research Part A: Policy and Practice},
	volume={78},
	pages={161--177},
	year={2015},
	publisher={Elsevier}
}
@article{taylor2009nature,
	title={Nature and/or nurture? Analyzing the determinants of transit ridership across US urbanized areas},
	author={Taylor, Brian D and Miller, Douglas and Iseki, Hiroyuki and Fink, Camille},
	journal={Transportation Research Part A: Policy and Practice},
	volume={43},
	number={1},
	pages={60--77},
	year={2009},
	publisher={Elsevier}
}
@article{jun2015land,
	title={Land use characteristics of subway catchment areas and their influence on subway ridership in Seoul},
	author={Jun, Myung-Jin and Choi, Keechoo and Jeong, Ji-Eun and Kwon, Ki-Hyun and Kim, Hee-Jae},
	journal={Journal of Transport Geography},
	volume={48},
	pages={30--40},
	year={2015},
	publisher={Elsevier}
}
@article{kuby2004factors,
	title={Factors influencing light-rail station boardings in the United States},
	author={Kuby, Michael and Barranda, Anthony and Upchurch, Christopher},
	journal={Transportation Research Part A: Policy and Practice},
	volume={38},
	number={3},
	pages={223--247},
	year={2004},
	publisher={Elsevier}
}
@article{choi2012analysis,
	title={An analysis of Metro ridership at the station-to-station level in Seoul},
	author={Choi, Jinkyung and Lee, Yong Jae and Kim, Taewan and Sohn, Keemin},
	journal={Transportation},
	volume={39},
	number={3},
	pages={705--722},
	year={2012},
	publisher={Springer}
}
@article{zhao2014analysis,
	title={Analysis of Metro ridership at station level and station-to-station level in Nanjing: an approach based on direct demand models},
	author={Zhao, Jinbao and Deng, Wei and Song, Yan and Zhu, Yueran},
	journal={Transportation},
	volume={41},
	number={1},
	pages={133--155},
	year={2014},
	publisher={Springer}
}
@techreport{chu2004ridership,
	title={Ridership models at the stop level},
	author={Chu, Xuehao},
	year={2004},
	institution={National Center for Transit Research, University of South Florida}
}
@article{sung2014exploring,
	title={Exploring the impacts of land use by service coverage and station-level accessibility on rail transit ridership},
	author={Sung, Hyungun and Choi, Keechoo and Lee, Sugie and Cheon, SangHyun},
	journal={Journal of Transport Geography},
	volume={36},
	pages={134--140},
	year={2014},
	publisher={Elsevier}
}
@article{cardozo2012application,
	title={Application of geographically weighted regression to the direct forecasting of transit ridership at station-level},
	author={Cardozo, Osvaldo Daniel and Garc{\'\i}a-Palomares, Juan Carlos and Guti{\'e}rrez, Javier},
	journal={Applied Geography},
	volume={34},
	pages={548--558},
	year={2012},
	publisher={Elsevier}
}
@article{gutierrez2011transit,
	title={Transit ridership forecasting at station level: an approach based on distance-decay weighted regression},
	author={Guti{\'e}rrez, Javier and Cardozo, Osvaldo Daniel and Garc{\'\i}a-Palomares, Juan Carlos},
	journal={Journal of Transport Geography},
	volume={19},
	number={6},
	pages={1081--1092},
	year={2011},
	publisher={Elsevier}
}
@article{garcia2013walking,
	title={Walking accessibility to public transport: an analysis based on microdata and GIS},
	author={Garc{\'\i}a-Palomares, Juan Carlos and Guti{\'e}rrez, Javier and Cardozo, Osvaldo Daniel},
	journal={Environment and Planning B: Planning and Design},
	volume={40},
	number={6},
	pages={1087--1102},
	year={2013},
	publisher={SAGE Publications Sage UK: London, England}
}
@article{cervero1997travel,
	title={Travel demand and the 3Ds: density, diversity, and design},
	author={Cervero, Robert and Kockelman, Kara},
	journal={Transportation Research Part D: Transport and Environment},
	volume={2},
	number={3},
	pages={199--219},
	year={1997},
	publisher={Elsevier}
}
@article{marchetti1994anthropological,
	title={Anthropological invariants in travel behavior},
	author={Marchetti, Cesare},
	journal={Technological forecasting and social change},
	volume={47},
	number={1},
	pages={75--88},
	year={1994},
	publisher={Elsevier}
}
@article{larsen2010beyond,
	title={Beyond the quarter mile: re-examining travel distances by active transportation},
	author={Larsen, Jacob and El-Geneidy, Ahmed and Yasmin, Farhana},
	journal={Canadian Journal of Urban Research},
	volume={19},
	number={1},
	pages={70--88},
	year={2010},
	publisher={JSTOR}
}
@article{besser2005walking,
	title={Walking to public transit: steps to help meet physical activity recommendations},
	author={Besser, Lilah M and Dannenberg, Andrew L},
	journal={American journal of preventive medicine},
	volume={29},
	number={4},
	pages={273--280},
	year={2005},
	publisher={Elsevier}
}
@article{badland2007objectively,
	title={Objectively measured commute distance: associations with actual travel modes and perceptions to place of work or study in Auckland, New Zealand},
	author={Badland, Hannah M and Schofield, Grant M and Schluter, Philip J},
	journal={Journal of physical activity and health},
	volume={4},
	number={1},
	pages={80--86},
	year={2007}
}
@article{mccormack2008objective,
	title={Objective versus perceived walking distances to destinations: correspondence and predictive validity},
	author={McCormack, Gavin R and Cerin, Ester and Leslie, Eva and Du Toit, Lorinne and Owen, Neville},
	journal={Environment and behavior},
	volume={40},
	number={3},
	pages={401--425},
	year={2008},
	publisher={Sage Publications Sage CA: Los Angeles, CA}
}
@article{ho1998random,
	title={The random subspace method for constructing decision forests},
	author={Ho, Tin Kam},
	journal={IEEE transactions on pattern analysis and machine intelligence},
	volume={20},
	number={8},
	pages={832--844},
	year={1998},
	publisher={IEEE}
}
@inproceedings{ho1995random,
	title={Random decision forests},
	author={Ho, Tin Kam},
	booktitle={Document analysis and recognition, 1995., proceedings of the third international conference on},
	volume={1},
	pages={278--282},
	year={1995},
	organization={IEEE}
}
@article{weinstein2008far,
	title={How far, by which route and why? A spatial analysis of pedestrian preference},
	author={Weinstein Agrawal, Asha and Schlossberg, Marc and Irvin, Katja},
	journal={Journal of urban design},
	volume={13},
	number={1},
	pages={81--98},
	year={2008},
	publisher={Taylor \& Francis}
}
@article{krygsman2004multimodal,
	title={Multimodal public transport: an analysis of travel time elements and the interconnectivity ratio},
	author={Krygsman, Stephan and Dijst, Martin and Arentze, Theo},
	journal={Transport Policy},
	volume={11},
	number={3},
	pages={265--275},
	year={2004},
	publisher={Elsevier}
}
@article{yang2012walking,
	title={Walking distance by trip purpose and population subgroups},
	author={Yang, Yong and Diez-Roux, Ana V},
	journal={American journal of preventive medicine},
	volume={43},
	number={1},
	pages={11--19},
	year={2012},
	publisher={Elsevier}
}
@article{daniels2013explaining,
	title={Explaining walking distance to public transport: The dominance of public transport supply},
	author={Daniels, Rhonda and Mulley, Corinne},
	journal={Journal of Transport and Land Use},
	volume={6},
	number={2},
	pages={5--20},
	year={2013},
	publisher={JSTOR}
}
@article{guerra2012half,
	title={Half-mile circle: Does it best represent transit station catchments?},
	author={Guerra, Erick and Cervero, Robert and Tischler, Daniel},
	journal={Transportation Research Record: Journal of the Transportation Research Board},
	number={2276},
	pages={101--109},
	year={2012},
	publisher={Transportation Research Board of the National Academies}
}
@article{feenstra2001using,
	title={Using the gravity equation to differentiate among alternative theories of trade},
	author={Feenstra, Robert C and Markusen, James R and Rose, Andrew K},
	journal={Canadian Journal of Economics/Revue canadienne d'{\'e}conomique},
	volume={34},
	number={2},
	pages={430--447},
	year={2001},
	publisher={Wiley Online Library}
}
@article{handy2005smart,
	title={Smart growth and the transportation-land use connection: What does the research tell us?},
	author={Handy, Susan},
	journal={International Regional Science Review},
	volume={28},
	number={2},
	pages={146--167},
	year={2005},
	publisher={Sage Publications Sage CA: Thousand Oaks, CA}
}
@article{iwanow2007trade,
	title={Trade facilitation, regulatory quality and export performance},
	author={Iwanow, Tomasz and Kirkpatrick, Colin},
	journal={Journal of International Development},
	volume={19},
	number={6},
	pages={735--753},
	year={2007},
	publisher={Wiley Online Library}
}
@article{kepaptsoglou2010gravity,
	title={The gravity model specification for modeling international trade flows and free trade agreement effects: a 10-year review of empirical studies},
	author={Kepaptsoglou, Konstantinos and Karlaftis, Matthew G and Tsamboulas, Dimitrios},
	journal={The open economics journal},
	volume={3},
	number={1},
	year={2010}
}
@article{thompson1997achieving,
	title={Achieving suburban transit potential: Sacramento revisited},
	author={Thompson, Gregory},
	journal={Transportation Research Record: Journal of the Transportation Research Board},
	number={1571},
	pages={151--160},
	year={1997},
	publisher={Transportation Research Board of the National Academies}
}
@article{nitsch2000national,
	title={National borders and international trade: evidence from the European Union},
	author={Nitsch, Volker},
	journal={Canadian Journal of Economics/Revue canadienne d'{\'e}conomique},
	volume={33},
	number={4},
	pages={1091--1105},
	year={2000},
	publisher={Wiley Online Library}
}
@article{lund2004travel,
	title={Travel characteristics of transit-oriented development in California},
	author={Lund, Hollie M and Cervero, Robert and Willson, Richard},
	journal={Sacramento, CA: California Department of Transportation},
	year={2004}
}
@book{dittmar2012new,
	title={The new transit town: best practices in transit-oriented development},
	author={Dittmar, Hank and Ohland, Gloria},
	year={2012},
	publisher={Island Press}
}
@book{calthorpe1993next,
	title={The next American metropolis: Ecology, community, and the American dream},
	author={Calthorpe, Peter},
	year={1993},
	publisher={Princeton architectural press}
}
@book{cervero2004transit,
	title={Transit-oriented development in the United States: Experiences, challenges, and prospects},
	author={Cervero, Robert},
	volume={102},
	year={2004},
	publisher={Transportation Research Board}
}
@article{estupinan2008relationship,
	title={The relationship between urban form and station boardings for Bogotaâ€™s BRT},
	author={Estupi{\~n}{\'a}n, Nicol{\'a}s and Rodr{\'\i}guez, Daniel A},
	journal={Transportation Research Part A: Policy and Practice},
	volume={42},
	number={2},
	pages={296--306},
	year={2008},
	publisher={Elsevier}
}
@article{taylor2003analyzing,
	title={Analyzing the determinants of transit ridership using a two-stage least squares regression on a national sample of urbanized areas},
	author={Taylor, Brian D and Miller, Douglas and Iseki, Hiroyuki and Fink, Camille},
	year={2003}
}
@article{badoe2000transportation,
	title={Transportation--land-use interaction: empirical findings in North America, and their implications for modeling},
	author={Badoe, Daniel A and Miller, Eric J},
	journal={Transportation Research Part D: Transport and Environment},
	volume={5},
	number={4},
	pages={235--263},
	year={2000},
	publisher={Elsevier}
}
@article{frank2004obesity,
	title={Obesity relationships with community design, physical activity, and time spent in cars},
	author={Frank, Lawrence D and Andresen, Martin A and Schmid, Thomas L},
	journal={American journal of preventive medicine},
	volume={27},
	number={2},
	pages={87--96},
	year={2004},
	publisher={Elsevier}
}
@article{tadakatsu2015empirical,
	title={An Empirical Analysis of Situations around Station as a Factor Affecting the Number of Station Users},
	author={Tadakatsu Nakamura},
	journal={Regional Policy Research},
	volume={17},
	number={3},
	pages={15--26},
	year={2015}
}
@article{peng1997simultaneous,
  title={A simultaneous route-level transit patronage model: demand, supply, and inter-route relationship},
  author={Peng, Zhong-Ren and Dueker, Kenneth J and Strathman, James and Hopper, Janet},
  journal={Transportation},
  volume={24},
  number={2},
  pages={159--181},
  year={1997},
  publisher={Springer}
}
@article{biba2010new,
  title={A new method for determining the population with walking access to transit},
  author={Biba, Steve and Curtin, Kevin M and Manca, Germana},
  journal={International Journal of Geographical Information Science},
  volume={24},
  number={3},
  pages={347--364},
  year={2010},
  publisher={Taylor \& Francis}
}
@article{o1992analysis,
  title={Analysis of transit service areas using geographic information systems},
  author={O'Neill, Wende A and Ramsey, R Douglas and Chou, JaChing},
  journal={Transportation Research Record},
  number={1364},
  year={1992}
}
@article{hsiao1997use,
  title={Use of geographic information system for analysis of transit pedestrian access},
  author={Hsiao, Shirley and Lu, Jian and Sterling, James and Weatherford, Matthew},
  journal={Transportation Research Record: Journal of the Transportation Research Board},
  number={1604},
  pages={50--59},
  year={1997},
  publisher={Transportation Research Board of the National Academies}
}
@article{ayvalik2002heuristic,
  title={Heuristic analysis of impacts of commuter rail station consolidation on pedestrian access},
  author={Ayvalik, Cemal and Jotin Khisty, C},
  journal={Transportation Research Record: Journal of the Transportation Research Board},
  number={1793},
  pages={47--54},
  year={2002},
  publisher={Transportation Research Board of the National Academies}
}
@article{wu2003ptal,
  title={A PTAL approach to measuring changes in bus service accessibility},
  author={Wu, Belinda M and Hine, Julian P},
  journal={Transport Policy},
  volume={10},
  number={4},
  pages={307--320},
  year={2003},
  publisher={Elsevier}
}
@inproceedings{chalermpong2007transit,
  title={Transit station access trips and factors affecting propensity to walk to transit stations in Bangkok, Thailand},
  author={Chalermpong, Saksith and Wibowo, Sony S},
  booktitle={Proceedings of the Eastern Asia Society for Transportation Studies The 7th International Conference of Eastern Asia Society for Transportation Studies, 2007},
  pages={232--232},
  year={2007},
  organization={Eastern Asia Society for Transportation Studies}
}
@article{jiang2012walk,
  title={Walk the line: station context, corridor type and bus rapid transit walk access in Jinan, China},
  author={Jiang, Yang and Zegras, P Christopher and Mehndiratta, Shomik},
  journal={Journal of Transport Geography},
  volume={20},
  number={1},
  pages={1--14},
  year={2012},
  publisher={Elsevier}
}
@article{wardman1997inter,
  title={Inter-urban rail demand, elasticities and competition in Great Britain: evidence from direct demand models},
  author={Wardman, Mark},
  journal={Transportation Research Part E: Logistics and Transportation Review},
  volume={33},
  number={1},
  pages={15--28},
  year={1997},
  publisher={Elsevier}
}
@article{jones1983demand,
  title={The demand for inter-city rail travel in the United Kingdom: some evidence},
  author={Jones, Ian S and Nichols, Alan J},
  journal={Journal of transport economics and policy},
  pages={133--153},
  year={1983},
  publisher={JSTOR}
}
@article{matsumoto2013study,
  title={A study on changes and problems of land use around non-central Shinkansen stations in the suburbs},
  author={Matsumoto, Eri and Ubaura, Michio},
  journal={Journal of the City Planning Institute of Japan},
  volume={48},
  number={3},
  pages={627--632},
  year={2013}
}
@article{song2013evaluation,
  title={Evaluation and typology of railway station areas in a 30 km circumference surrounding central Tokyo From view of Transit-Oriented Development},
  author={Song, Junhwan and Deguchi, Atsushi},
  journal={Journal of Architecture and Planning},
  volume={78},
  number={684},
  pages={413--420},
  year={2013}
}
@phdthesis{yano2008,
  author={Yano, Hayato},
  pages={1--4},
  school={Kyushu University},
  title={Study on change of surrounding land use accompanying urban development centering on railway station},
  year={2008}
}
@article{sui2013research,
  title={Research on trend of location and distribution of commercial type about small shops around railway station},
  author={Sui, Hongxin and Zhao, Shichen},
  journal={Journal of Architecture and Planning},
  volume={78},
  number={683},
  pages={141--148},
  year={2013}
}
@article{zhao2012study,
  title={A study on the changes of shopping malls nearby railway station in Tokyo},
  author={Zhao, Hongjun and Sakamoto, Ichiro},
  journal={Journal of the City Planning Institute of Japan},
  volume={47},
  number={3},
  pages={823--828},
  year={2012}
}
@article{kitayama2008study,
  title={Study on the actual condition of urban development accompanies metro improvement on Shanghai, China},
  author={Kitayama, Takashi and Yamada, Yasuhiro and Kawashima, Kazuhiro and Kojima, Katsue and Negami, Akio and Uozaki, Katsuya},
  journal={Journal of the City Planning Institute of Japan},
  volume={43},
  number={3},
  pages={1--6},
  year={2008}
}
@article{lee1995predicting,
  title={On predicting generation of community facilities around railway station},
  author={Lee, Myungkwon and Kashihara, Shiro and Yoshimura, Hidemasa and Yokota Takashi and Sakata, Koichi},
  journal={Journal of Architecture, Planning and Environmental Engineering, AIJ},
  volume={477},
  pages={71--79},
  year={1995}
}
@article{lee1994temporal,
  title={On the temporal change of distribution patterns of community facilities around railway stations},
  author={Lee, Myungkwon and Kashihara, Shiro and Yoshimura, Hidemasa and Yokota, Takashi},
  journal={Journal of Architecture, Planning and Environmental Engineering, AIJ},
  volume={455},
  pages={77--86},
  year={1994}
}
@article{kondo2010railway,
  title={On the railway transfer station in Tokyo suburban area with focusing the passenger volume, the transfer system and the floor area ratio designated around the station},
  author={Kondo, Ai and Oosawa, Masaharu and Kishii, Takayuki},
  journal={Journal of the City Planning Institute of Japan},
  volume={45},
  number={3},
  pages={703--708},
  year={2010}
}
@article{inohae2009study,
  title={A study on formation process of road network and its unity by considering station as a core},
  author={Inohae, Takuro and Nagaie, Tadashi and Hokao, Kazunori},
  journal={Journal of the City Planning Institute of Japan},
  volume={44},
  number={3},
  pages={541--546},
  year={2009}
}
@article{baba2012change,
  title={Change of personnel and passenger railway in the vicinity of Osaka and study on indicators related to it},
  author={Baba, Yusaku},
  year={2012},
}
@article{levinson1997density,
	title={Density and the journey to work},
	author={Levinson, David M and Kumar, Ajay},
	journal={Growth and change},
	volume={28},
	number={2},
	pages={147--172},
	year={1997},
	publisher={Wiley Online Library}
}
@article{burke2007distances,
	title={Distances people walk for transport},
	author={Burke, Matthew and Brown, AL and others},
	journal={Road \& Transport Research: A Journal of Australian and New Zealand Research and Practice},
	volume={16},
	number={3},
	pages={16--29},
	year={2007},
	publisher={ARRB Group Ltd}
}
@article{hoback2008true,
	title={True walking distance to transit},
	author={Hoback, Alan and Anderson, Scott and Dutta, Utpal},
	journal={Transportation planning and technology},
	volume={31},
	number={6},
	pages={681--692},
	year={2008},
	publisher={Taylor \& Francis}
}
@article{frank1994impacts,
	title={Impacts of mixed use and density on utilization of three modes of travel: single-occupant vehicle, transit, and walking},
	author={Frank, Lawrence D and Pivo, Gary},
	journal={Transportation research record},
	volume={1466},
	pages={44--52},
	year={1994},
	publisher={Citeseer}
}
@article{waterson2003simulating,
	title={Simulating the impacts of strong bus priority measures},
	author={Waterson, BJ and Rajbhandari, B and Hounsell, NB},
	journal={Journal of Transportation Engineering},
	volume={129},
	number={6},
	pages={642--647},
	year={2003},
	publisher={American Society of Civil Engineers}
}
@Article{nakamura2015study,
  author    = {Takashi Nakamura},
  title     = {A study on the relationship between land use around railway stations and the railway station passengers},
  journal   = {Journal of the City Planning Institute of Japan},
  year      = {2015},
  volume    = {50},
  number    = {3},
  pages     = {1324--1329},
  publisher = {å…¬ç›Šç¤¾å›£æ³•äºº æ—¥æœ¬éƒ½å¸‚è¨ˆç”»å­¦ä¼š},
}
@TechReport{ministry2006about,
  author      = {Ministry of Land Infrastructure Transport and Tourism},
  title       = {About the current state of public transportation},
  institution = {Ministry of Land, Infrastructure, Transport and Tourism},
  year        = {2006},
}
@techreport{Bureau2014fukuoka,
  author	  = {Fukuoka City Transportation Bureau},
  title 	  = {{Fukuoka City Mid-Term Management Guidelines}},
  address 	  = {Fukuoka},
  institution = {Fukuoka City Transportation Bureau},
  year		  = {2014},
}

@Comment{jabref-meta: databaseType:bibtex;}
