@article{crane1998does,
	title={Does neighborhood design influence travel?: A behavioral analysis of travel diary and GIS data1},
	author={Crane, Randall and Crepeau, Richard},
	journal={Transportation Research Part D: Transport and Environment},
	volume={3},
	number={4},
	pages={225--238},
	year={1998},
	publisher={Elsevier}
}
@article{walters2003forecasting,
	title={Forecasting transit demand in a fast growing corridor: The direct-ridership model approach},
	author={Walters, Gerald and Cervero, Robert},
	journal={Fehrs and Peers Associates},
	year={2003}
}
@article{boyce1994introducing,
	title={Introducing "feedback" into four-step travel forecasting procedure versus equilibrium solution of combined model},
	author={Boyce, David E and Zhang, Yu-Fang and Lupa, Mary R},
	journal={Transportation Research Record},
	volume={1443},
	pages={65},
	year={1994},
	publisher={NATIONAL ACADEMY OF SCIENCES}
}
@article{jones1983demand,
	title={The demand for inter-city rail travel in the United Kingdom: some evidence},
	author={Jones, Ian S and Nichols, Alan J},
	journal={Journal of transport economics and policy},
	pages={133--153},
	year={1983},
	publisher={JSTOR}
}
@article{song2004measuring,
	title={Measuring the effects of mixed land uses on housing values},
	author={Song, Yan and Knaap, Gerrit-Jan},
	journal={Regional Science and Urban Economics},
	volume={34},
	number={6},
	pages={663--680},
	year={2004},
	publisher={Elsevier}
}
@article{nakaya2014gwr4,
	title={GWR4 user manual},
	author={Nakaya, Tomoki},
	journal={WWW Document. Available online: http://www. st-andrews. ac. uk/geoinformatics/wp-content/uploads/GWR4manual\_201311. pdf (accessed on 4 November 2013)},
	year={2014}
}
@article{guerra2013half,
	title={Is a Half-Mile Circle the Right Standard for TODs?},
	author={Guerra, Erick and Cervero, Robert},
	year={2013}
}
@article{tadakatsu2015empirical,
	title={An Empirical Analysis of Situations around Station as a Factor Affecting the Number of Station Users},
	author={Tadakatsu Nakamura},
	journal={Regional Policy Research},
	volume={17},
	number={3},
	pages={15--26},
	year={2015}
}
@article{bhat2007comprehensive,
	title={A comprehensive analysis of built environment characteristics on household residential choice and auto ownership levels},
	author={Bhat, Chandra R and Guo, Jessica Y},
	journal={Transportation Research Part B: Methodological},
	volume={41},
	number={5},
	pages={506--526},
	year={2007},
	publisher={Elsevier}
}
@article{brunsdon1996geographically,
	title={Geographically weighted regression: a method for exploring spatial nonstationarity},
	author={Brunsdon, Chris and Fotheringham, A Stewart and Charlton, Martin E},
	journal={Geographical analysis},
	volume={28},
	number={4},
	pages={281--298},
	year={1996},
	publisher={Wiley Online Library}
}
@article{miller1999potential,
	title={Potential contributions of spatial analysis to geographic information systems for transportation (GIS-T)},
	author={Miller, Harvey J},
	journal={Geographical Analysis},
	volume={31},
	number={4},
	pages={373--399},
	year={1999},
	publisher={Wiley Online Library}
}
@article{duduta2013direct,
	title={Direct ridership models of bus rapid transit and metro systems in Mexico City, Mexico},
	author={Duduta, Nicolae},
	journal={Transportation Research Record: Journal of the Transportation Research Board},
	number={2394},
	pages={93--99},
	year={2013},
	publisher={Transportation Research Board of the National Academies}
}
@book{calthorpe1993next,
	title={The next American metropolis: Ecology, community, and the American dream},
	author={Calthorpe, Peter},
	year={1993},
	publisher={Princeton architectural press}
}
@article{cervero2006alternative,
	title={Alternative approaches to modeling the travel-demand impacts of smart growth},
	author={Cervero, Robert},
	journal={Journal of the American Planning Association},
	volume={72},
	number={3},
	pages={285--295},
	year={2006},
	publisher={Taylor \& Francis}
}
@article{takashi2015study,
	title={A Study on the Relationship between Land Use around Railway Stations and the Railway Station Passengers},
	author={Takashi Nakamura},
	journal={Journal of the City Planning Institute of Japan},
	volume={50},
	number={3},
	pages={1324--1329},
	year={2015},
	publisher={公益社団法人 日本都市計画学会}
}
@article{bohannon1997comfortable,
	title={Comfortable and maximum walking speed of adults aged 20—79 years: reference values and determinants},
	author={Bohannon, Richard W},
	journal={Age and ageing},
	volume={26},
	number={1},
	pages={15--19},
	year={1997},
	publisher={Oxford University Press}
}
@article{guerra2012half,
	title={Half-mile circle: Does it best represent transit station catchments?},
	author={Guerra, Erick and Cervero, Robert and Tischler, Daniel},
	journal={Transportation Research Record: Journal of the Transportation Research Board},
	number={2276},
	pages={101--109},
	year={2012},
	publisher={Transportation Research Board of the National Academies}
}
@article{o1996walking,
	title={Walking distances to and from light-rail transit stations},
	author={O'Sullivan, Sean and Morrall, John},
	journal={Transportation research record: journal of the transportation research board},
	number={1538},
	pages={19--26},
	year={1996},
	publisher={Transportation Research Board of the National Academies}
}
@article{beimborn2003accessibility,
	title={Accessibility, connectivity, and captivity: impacts on transit choice},
	author={Beimborn, Edward and Greenwald, Michael and Jin, Xia},
	journal={Transportation Research Record: Journal of the Transportation Research Board},
	number={1835},
	pages={1--9},
	year={2003},
	publisher={Transportation Research Board of the National Academies}
}
@article{alshalalfah2007case,
	title={Case study: Relationship of walk access distance to transit with service, travel, and personal characteristics},
	author={Alshalalfah, BW and Shalaby, Amer S},
	journal={Journal of urban planning and development},
	volume={133},
	number={2},
	pages={114--118},
	year={2007},
	publisher={American Society of Civil Engineers}
}
@article{zhao2003forecasting,
	title={Forecasting transit walk accessibility: Regression model alternative to buffer method},
	author={Zhao, Fang and Chow, Lee-Fang and Li, Min-Tang and Ubaka, Ike and Gan, Albert},
	journal={Transportation Research Record: Journal of the Transportation Research Board},
	number={1835},
	pages={34--41},
	year={2003},
	publisher={Transportation Research Board of the National Academies}
}
@article{keijer2000people,
	title={How do people get to the railway station? The Dutch experience},
	author={Keijer, MJN and Rietveld, Piet},
	journal={Transportation Planning and Technology},
	volume={23},
	number={3},
	pages={215--235},
	year={2000},
	publisher={Taylor \& Francis}
}
@article{chakraborty2013land,
	title={Land use and transit ridership connections: Implications for state-level planning agencies},
	author={Chakraborty, Arnab and Mishra, Sabyasachee},
	journal={Land Use Policy},
	volume={30},
	number={1},
	pages={458--469},
	year={2013},
	publisher={Elsevier}
}
@article{murray1998public,
	title={Public transportation access},
	author={Murray, Alan T and Davis, Rex and Stimson, Robert J and Ferreira, Luis},
	journal={Transportation Research Part D: Transport and Environment},
	volume={3},
	number={5},
	pages={319--328},
	year={1998},
	publisher={Elsevier}
}
@article{cervero2002built,
	title={Built environments and mode choice: toward a normative framework},
	author={Cervero, Robert},
	journal={Transportation Research Part D: Transport and Environment},
	volume={7},
	number={4},
	pages={265--284},
	year={2002},
	publisher={Elsevier}
}
@article{zhao2013influences,
	title={What influences Metro station ridership in China? Insights from Nanjing},
	author={Zhao, Jinbao and Deng, Wei and Song, Yan and Zhu, Yueran},
	journal={Cities},
	volume={35},
	pages={114--124},
	year={2013},
	publisher={Elsevier}
}
@article{sung2011transit,
	title={Transit-oriented development in a high-density city: Identifying its association with transit ridership in Seoul, Korea},
	author={Sung, Hyungun and Oh, Ju-Taek},
	journal={Cities},
	volume={28},
	number={1},
	pages={70--82},
	year={2011},
	publisher={Elsevier}
}
@article{thompson2012really,
	title={What really matters for increasing transit ridership: Understanding the determinants of transit ridership demand in Broward County, Florida},
	author={Thompson, Gregory and Brown, Jeffrey and Bhattacharya, Torsha},
	journal={Urban Studies},
	volume={49},
	number={15},
	pages={3327--3345},
	year={2012},
	publisher={SAGE Publications Sage UK: London, England}
}
@article{loo2010rail,
	title={Rail-based transit-oriented development: lessons from New York City and Hong Kong},
	author={Loo, Becky PY and Chen, Cynthia and Chan, Eric TH},
	journal={Landscape and Urban Planning},
	volume={97},
	number={3},
	pages={202--212},
	year={2010},
	publisher={Elsevier}
}
@article{zhao2005transit,
	title={A transit ridership model based on geographically weighted regression and service quality variables},
	author={Zhao, Fang and Chow, L and Li, M and Liu, Xuemei},
	journal={Lehman Center for Transportation Research, Florida International University, Miami, Florida. http://lctr. eng. fiu. edu/re-project-link/finalDO97591\_BW. pdf (accessed December 12, 2010)},
	year={2005}
}
@article{sohn2010factors,
	title={Factors generating boardings at Metro stations in the Seoul metropolitan area},
	author={Sohn, Keemin and Shim, Hyunjin},
	journal={Cities},
	volume={27},
	number={5},
	pages={358--368},
	year={2010},
	publisher={Elsevier}
}
@article{chiou2015factors,
	title={Factors affecting public transportation usage rate: Geographically weighted regression},
	author={Chiou, Yu-Chiun and Jou, Rong-Chang and Yang, Cheng-Han},
	journal={Transportation Research Part A: Policy and Practice},
	volume={78},
	pages={161--177},
	year={2015},
	publisher={Elsevier}
}
@article{taylor2009nature,
	title={Nature and/or nurture? Analyzing the determinants of transit ridership across US urbanized areas},
	author={Taylor, Brian D and Miller, Douglas and Iseki, Hiroyuki and Fink, Camille},
	journal={Transportation Research Part A: Policy and Practice},
	volume={43},
	number={1},
	pages={60--77},
	year={2009},
	publisher={Elsevier}
}
@article{jun2015land,
	title={Land use characteristics of subway catchment areas and their influence on subway ridership in Seoul},
	author={Jun, Myung-Jin and Choi, Keechoo and Jeong, Ji-Eun and Kwon, Ki-Hyun and Kim, Hee-Jae},
	journal={Journal of Transport Geography},
	volume={48},
	pages={30--40},
	year={2015},
	publisher={Elsevier}
}
@article{kuby2004factors,
	title={Factors influencing light-rail station boardings in the United States},
	author={Kuby, Michael and Barranda, Anthony and Upchurch, Christopher},
	journal={Transportation Research Part A: Policy and Practice},
	volume={38},
	number={3},
	pages={223--247},
	year={2004},
	publisher={Elsevier}
}
@article{choi2012analysis,
	title={An analysis of Metro ridership at the station-to-station level in Seoul},
	author={Choi, Jinkyung and Lee, Yong Jae and Kim, Taewan and Sohn, Keemin},
	journal={Transportation},
	volume={39},
	number={3},
	pages={705--722},
	year={2012},
	publisher={Springer}
}
@article{zhao2014analysis,
	title={Analysis of Metro ridership at station level and station-to-station level in Nanjing: an approach based on direct demand models},
	author={Zhao, Jinbao and Deng, Wei and Song, Yan and Zhu, Yueran},
	journal={Transportation},
	volume={41},
	number={1},
	pages={133--155},
	year={2014},
	publisher={Springer}
}
@techreport{chu2004ridership,
	title={Ridership models at the stop level},
	author={Chu, Xuehao},
	year={2004},
	institution={National Center for Transit Research, University of South Florida}
}
@article{sung2014exploring,
	title={Exploring the impacts of land use by service coverage and station-level accessibility on rail transit ridership},
	author={Sung, Hyungun and Choi, Keechoo and Lee, Sugie and Cheon, SangHyun},
	journal={Journal of Transport Geography},
	volume={36},
	pages={134--140},
	year={2014},
	publisher={Elsevier}
}
@article{cardozo2012application,
	title={Application of geographically weighted regression to the direct forecasting of transit ridership at station-level},
	author={Cardozo, Osvaldo Daniel and Garc{\'\i}a-Palomares, Juan Carlos and Guti{\'e}rrez, Javier},
	journal={Applied Geography},
	volume={34},
	pages={548--558},
	year={2012},
	publisher={Elsevier}
}
@article{gutierrez2011transit,
	title={Transit ridership forecasting at station level: an approach based on distance-decay weighted regression},
	author={Guti{\'e}rrez, Javier and Cardozo, Osvaldo Daniel and Garc{\'\i}a-Palomares, Juan Carlos},
	journal={Journal of Transport Geography},
	volume={19},
	number={6},
	pages={1081--1092},
	year={2011},
	publisher={Elsevier}
}
@techreport{ministry2006about,
	title={About the current state of public transportation},
	author={Ministry of Land, Infrastructure, Transport and Tourism},
	year={2006},
	institution={Ministry of Land, Infrastructure, Transport and Tourism}
}
@article{garcia2013walking,
	title={Walking accessibility to public transport: an analysis based on microdata and GIS},
	author={Garc{\'\i}a-Palomares, Juan Carlos and Guti{\'e}rrez, Javier and Cardozo, Osvaldo Daniel},
	journal={Environment and Planning B: Planning and Design},
	volume={40},
	number={6},
	pages={1087--1102},
	year={2013},
	publisher={SAGE Publications Sage UK: London, England}
}
@article{cervero1997travel,
	title={Travel demand and the 3Ds: density, diversity, and design},
	author={Cervero, Robert and Kockelman, Kara},
	journal={Transportation Research Part D: Transport and Environment},
	volume={2},
	number={3},
	pages={199--219},
	year={1997},
	publisher={Elsevier}
}
@article{thompson1997achieving,
	title={Achieving suburban transit potential: Sacramento revisited},
	author={Thompson, Gregory},
	journal={Transportation Research Record: Journal of the Transportation Research Board},
	number={1571},
	pages={151--160},
	year={1997},
	publisher={Transportation Research Board of the National Academies}
}