@article{feenstra2001using,
	title={Using the gravity equation to differentiate among alternative theories of trade},
	author={Feenstra, Robert C and Markusen, James R and Rose, Andrew K},
	journal={Canadian Journal of Economics/Revue canadienne d'{\'e}conomique},
	volume={34},
	number={2},
	pages={430--447},
	year={2001},
	publisher={Wiley Online Library}
}
@article{handy2005smart,
	title={Smart growth and the transportation-land use connection: What does the research tell us?},
	author={Handy, Susan},
	journal={International Regional Science Review},
	volume={28},
	number={2},
	pages={146--167},
	year={2005},
	publisher={Sage Publications Sage CA: Thousand Oaks, CA}
}
@article{iwanow2007trade,
	title={Trade facilitation, regulatory quality and export performance},
	author={Iwanow, Tomasz and Kirkpatrick, Colin},
	journal={Journal of International Development},
	volume={19},
	number={6},
	pages={735--753},
	year={2007},
	publisher={Wiley Online Library}
}
@article{kepaptsoglou2010gravity,
	title={The gravity model specification for modeling international trade flows and free trade agreement effects: a 10-year review of empirical studies},
	author={Kepaptsoglou, Konstantinos and Karlaftis, Matthew G and Tsamboulas, Dimitrios},
	journal={The open economics journal},
	volume={3},
	number={1},
	year={2010}
}
@article{thompson1997achieving,
	title={Achieving suburban transit potential: Sacramento revisited},
	author={Thompson, Gregory},
	journal={Transportation Research Record: Journal of the Transportation Research Board},
	number={1571},
	pages={151--160},
	year={1997},
	publisher={Transportation Research Board of the National Academies}
}
@article{nitsch2000national,
	title={National borders and international trade: evidence from the European Union},
	author={Nitsch, Volker},
	journal={Canadian Journal of Economics/Revue canadienne d'{\'e}conomique},
	volume={33},
	number={4},
	pages={1091--1105},
	year={2000},
	publisher={Wiley Online Library}
}
@article{lund2004travel,
	title={Travel characteristics of transit-oriented development in California},
	author={Lund, Hollie M and Cervero, Robert and Willson, Richard},
	journal={Sacramento, CA: California Department of Transportation},
	year={2004}
}
@book{dittmar2012new,
	title={The new transit town: best practices in transit-oriented development},
	author={Dittmar, Hank and Ohland, Gloria},
	year={2012},
	publisher={Island Press}
}
@book{calthorpe1993next,
	title={The next American metropolis: Ecology, community, and the American dream},
	author={Calthorpe, Peter},
	year={1993},
	publisher={Princeton architectural press}
}
@article{cardozo2012application,
	title={Application of geographically weighted regression to the direct forecasting of transit ridership at station-level},
	author={Cardozo, Osvaldo Daniel and Garc{\'\i}a-Palomares, Juan Carlos and Guti{\'e}rrez, Javier},
	journal={Applied Geography},
	volume={34},
	pages={548--558},
	year={2012},
	publisher={Elsevier}
}
@book{cervero2004transit,
	title={Transit-oriented development in the United States: Experiences, challenges, and prospects},
	author={Cervero, Robert},
	volume={102},
	year={2004},
	publisher={Transportation Research Board}
}
@article{chakraborty2013land,
	title={Land use and transit ridership connections: Implications for state-level planning agencies},
	author={Chakraborty, Arnab and Mishra, Sabyasachee},
	journal={Land Use Policy},
	volume={30},
	number={1},
	pages={458--469},
	year={2013},
	publisher={Elsevier}
}
@article{estupinan2008relationship,
	title={The relationship between urban form and station boardings for Bogotaâ€™s BRT},
	author={Estupi{\~n}{\'a}n, Nicol{\'a}s and Rodr{\'\i}guez, Daniel A},
	journal={Transportation Research Part A: Policy and Practice},
	volume={42},
	number={2},
	pages={296--306},
	year={2008},
	publisher={Elsevier}
}
@article{sohn2010factors,
	title={Factors generating boardings at Metro stations in the Seoul metropolitan area},
	author={Sohn, Keemin and Shim, Hyunjin},
	journal={Cities},
	volume={27},
	number={5},
	pages={358--368},
	year={2010},
	publisher={Elsevier}
}
@article{zhao2005transit,
	title={A transit ridership model based on geographically weighted regression and service quality variables},
	author={Zhao, Fang and Chow, L and Li, M and Liu, Xuemei},
	journal={Lehman Center for Transportation Research, Florida International University, Miami, Florida. http://lctr. eng. fiu. edu/re-project-link/finalDO97591\_BW. pdf (accessed December 12, 2010)},
	year={2005}
}
@article{taylor2009nature,
	title={Nature and/or nurture? Analyzing the determinants of transit ridership across US urbanized areas},
	author={Taylor, Brian D and Miller, Douglas and Iseki, Hiroyuki and Fink, Camille},
	journal={Transportation Research Part A: Policy and Practice},
	volume={43},
	number={1},
	pages={60--77},
	year={2009},
	publisher={Elsevier}
}
@article{taylor2003analyzing,
	title={Analyzing the determinants of transit ridership using a two-stage least squares regression on a national sample of urbanized areas},
	author={Taylor, Brian D and Miller, Douglas and Iseki, Hiroyuki and Fink, Camille},
	year={2003}
}
@article{jun2015land,
	title={Land use characteristics of subway catchment areas and their influence on subway ridership in Seoul},
	author={Jun, Myung-Jin and Choi, Keechoo and Jeong, Ji-Eun and Kwon, Ki-Hyun and Kim, Hee-Jae},
	journal={Journal of Transport Geography},
	volume={48},
	pages={30--40},
	year={2015},
	publisher={Elsevier}
}
@article{choi2012analysis,
	title={An analysis of Metro ridership at the station-to-station level in Seoul},
	author={Choi, Jinkyung and Lee, Yong Jae and Kim, Taewan and Sohn, Keemin},
	journal={Transportation},
	volume={39},
	number={3},
	pages={705--722},
	year={2012},
	publisher={Springer}
}
@techreport{chu2004ridership,
	title={Ridership models at the stop level},
	author={Chu, Xuehao and Chu, Xuehao},
	year={2004},
	institution={National Center for Transit Research, University of South Florida}
}
@article{gutierrez2011transit,
	title={Transit ridership forecasting at station level: an approach based on distance-decay weighted regression},
	author={Guti{\'e}rrez, Javier and Cardozo, Osvaldo Daniel and Garc{\'\i}a-Palomares, Juan Carlos},
	journal={Journal of Transport Geography},
	volume={19},
	number={6},
	pages={1081--1092},
	year={2011},
	publisher={Elsevier}
}
@article{badoe2000transportation,
	title={Transportation--land-use interaction: empirical findings in North America, and their implications for modeling},
	author={Badoe, Daniel A and Miller, Eric J},
	journal={Transportation Research Part D: Transport and Environment},
	volume={5},
	number={4},
	pages={235--263},
	year={2000},
	publisher={Elsevier}
}
@article{frank2004obesity,
	title={Obesity relationships with community design, physical activity, and time spent in cars},
	author={Frank, Lawrence D and Andresen, Martin A and Schmid, Thomas L},
	journal={American journal of preventive medicine},
	volume={27},
	number={2},
	pages={87--96},
	year={2004},
	publisher={Elsevier}
}
@techreport{ministry2006about,
	title={About the current state of public transportation},
	author={Ministry of Land, Infrastructure, Transport and Tourism},
	year={2006},
	institution={Ministry of Land, Infrastructure, Transport and Tourism}
}
@article{cervero1997travel,
	title={Travel demand and the 3Ds: density, diversity, and design},
	author={Cervero, Robert and Kockelman, Kara},
	journal={Transportation Research Part D: Transport and Environment},
	volume={2},
	number={3},
	pages={199--219},
	year={1997},
	publisher={Elsevier}
}
@article{guerra2013half,
	title={Is a Half-Mile Circle the Right Standard for TODs?},
	author={Guerra, Erick and Cervero, Robert},
	year={2013}
}
@article{tadakatsu2015empirical,
	title={An Empirical Analysis of Situations around Station as a Factor Affecting the Number of Station Users},
	author={Tadakatsu Nakamura},
	journal={Regional Policy Research},
	volume={17},
	number={3},
	pages={15--26},
	year={2015}
}
@article{bhat2007comprehensive,
	title={A comprehensive analysis of built environment characteristics on household residential choice and auto ownership levels},
	author={Bhat, Chandra R and Guo, Jessica Y},
	journal={Transportation Research Part B: Methodological},
	volume={41},
	number={5},
	pages={506--526},
	year={2007},
	publisher={Elsevier}
}
@article{wardman1997inter,
  title={Inter-urban rail demand, elasticities and competition in Great Britain: evidence from direct demand models},
  author={Wardman, Mark},
  journal={Transportation Research Part E: Logistics and Transportation Review},
  volume={33},
  number={1},
  pages={15--28},
  year={1997},
  publisher={Elsevier}
}
@article{jones1983demand,
  title={The demand for inter-city rail travel in the United Kingdom: some evidence},
  author={Jones, Ian S and Nichols, Alan J},
  journal={Journal of transport economics and policy},
  pages={133--153},
  year={1983},
  publisher={JSTOR}
}