@article{marchetti1994anthropological,
	title={Anthropological invariants in travel behavior},
	author={Marchetti, Cesare},
	journal={Technological forecasting and social change},
	volume={47},
	number={1},
	pages={75--88},
	year={1994},
	publisher={Elsevier}
}
@article{larsen2010beyond,
	title={Beyond the quarter mile: re-examining travel distances by active transportation},
	author={Larsen, Jacob and El-Geneidy, Ahmed and Yasmin, Farhana},
	journal={Canadian Journal of Urban Research},
	volume={19},
	number={1},
	pages={70--88},
	year={2010},
	publisher={JSTOR}
}
@article{besser2005walking,
	title={Walking to public transit: steps to help meet physical activity recommendations},
	author={Besser, Lilah M and Dannenberg, Andrew L},
	journal={American journal of preventive medicine},
	volume={29},
	number={4},
	pages={273--280},
	year={2005},
	publisher={Elsevier}
}
@article{badland2007objectively,
	title={Objectively measured commute distance: associations with actual travel modes and perceptions to place of work or study in Auckland, New Zealand},
	author={Badland, Hannah M and Schofield, Grant M and Schluter, Philip J},
	journal={Journal of physical activity and health},
	volume={4},
	number={1},
	pages={80--86},
	year={2007}
}
@article{mccormack2008objective,
	title={Objective versus perceived walking distances to destinations: correspondence and predictive validity},
	author={McCormack, Gavin R and Cerin, Ester and Leslie, Eva and Du Toit, Lorinne and Owen, Neville},
	journal={Environment and behavior},
	volume={40},
	number={3},
	pages={401--425},
	year={2008},
	publisher={Sage Publications Sage CA: Los Angeles, CA}
}
@article{ho1998random,
	title={The random subspace method for constructing decision forests},
	author={Ho, Tin Kam},
	journal={IEEE transactions on pattern analysis and machine intelligence},
	volume={20},
	number={8},
	pages={832--844},
	year={1998},
	publisher={IEEE}
}
@inproceedings{ho1995random,
	title={Random decision forests},
	author={Ho, Tin Kam},
	booktitle={Document analysis and recognition, 1995., proceedings of the third international conference on},
	volume={1},
	pages={278--282},
	year={1995},
	organization={IEEE}
}
@article{weinstein2008far,
	title={How far, by which route and why? A spatial analysis of pedestrian preference},
	author={Weinstein Agrawal, Asha and Schlossberg, Marc and Irvin, Katja},
	journal={Journal of urban design},
	volume={13},
	number={1},
	pages={81--98},
	year={2008},
	publisher={Taylor \& Francis}
}
@article{krygsman2004multimodal,
	title={Multimodal public transport: an analysis of travel time elements and the interconnectivity ratio},
	author={Krygsman, Stephan and Dijst, Martin and Arentze, Theo},
	journal={Transport Policy},
	volume={11},
	number={3},
	pages={265--275},
	year={2004},
	publisher={Elsevier}
}
@article{yang2012walking,
	title={Walking distance by trip purpose and population subgroups},
	author={Yang, Yong and Diez-Roux, Ana V},
	journal={American journal of preventive medicine},
	volume={43},
	number={1},
	pages={11--19},
	year={2012},
	publisher={Elsevier}
}
@article{daniels2013explaining,
	title={Explaining walking distance to public transport: The dominance of public transport supply},
	author={Daniels, Rhonda and Mulley, Corinne},
	journal={Journal of Transport and Land Use},
	volume={6},
	number={2},
	pages={5--20},
	year={2013},
	publisher={JSTOR}
}
@article{bohannon1997comfortable,
	title={Comfortable and maximum walking speed of adults aged 20â€”79 years: reference values and determinants},
	author={Bohannon, Richard W},
	journal={Age and ageing},
	volume={26},
	number={1},
	pages={15--19},
	year={1997},
	publisher={Oxford University Press}
}
@article{zhao2003forecasting,
	title={Forecasting transit walk accessibility: Regression model alternative to buffer method},
	author={Zhao, Fang and Chow, Lee-Fang and Li, Min-Tang and Ubaka, Ike and Gan, Albert},
	journal={Transportation Research Record: Journal of the Transportation Research Board},
	number={1835},
	pages={34--41},
	year={2003},
	publisher={Transportation Research Board of the National Academies}
}
@article{alshalalfah2007case,
	title={Case study: Relationship of walk access distance to transit with service, travel, and personal characteristics},
	author={Alshalalfah, BW and Shalaby, Amer S},
	journal={Journal of urban planning and development},
	volume={133},
	number={2},
	pages={114--118},
	year={2007},
	publisher={American Society of Civil Engineers}
}
@article{o1996walking,
	title={Walking distances to and from light-rail transit stations},
	author={O'Sullivan, Sean and Morrall, John},
	journal={Transportation research record: journal of the transportation research board},
	number={1538},
	pages={19--26},
	year={1996},
	publisher={Transportation Research Board of the National Academies}
}
@article{guerra2012half,
	title={Half-mile circle: Does it best represent transit station catchments?},
	author={Guerra, Erick and Cervero, Robert and Tischler, Daniel},
	journal={Transportation Research Record: Journal of the Transportation Research Board},
	number={2276},
	pages={101--109},
	year={2012},
	publisher={Transportation Research Board of the National Academies}
}
@article{murray1998public,
	title={Public transportation access},
	author={Murray, Alan T and Davis, Rex and Stimson, Robert J and Ferreira, Luis},
	journal={Transportation Research Part D: Transport and Environment},
	volume={3},
	number={5},
	pages={319--328},
	year={1998},
	publisher={Elsevier}
}
@article{keijer2000people,
	title={How do people get to the railway station? The Dutch experience},
	author={Keijer, MJN and Rietveld, Piet},
	journal={Transportation Planning and Technology},
	volume={23},
	number={3},
	pages={215--235},
	year={2000},
	publisher={Taylor \& Francis}
}
@article{kuby2004factors,
	title={Factors influencing light-rail station boardings in the United States},
	author={Kuby, Michael and Barranda, Anthony and Upchurch, Christopher},
	journal={Transportation Research Part A: Policy and Practice},
	volume={38},
	number={3},
	pages={223--247},
	year={2004},
	publisher={Elsevier}
}
@article{gutierrez2011transit,
	title={Transit ridership forecasting at station level: an approach based on distance-decay weighted regression},
	author={Guti{\'e}rrez, Javier and Cardozo, Osvaldo Daniel and Garc{\'\i}a-Palomares, Juan Carlos},
	journal={Journal of Transport Geography},
	volume={19},
	number={6},
	pages={1081--1092},
	year={2011},
	publisher={Elsevier}
}
@article{cardozo2012application,
	title={Application of geographically weighted regression to the direct forecasting of transit ridership at station-level},
	author={Cardozo, Osvaldo Daniel and Garc{\'\i}a-Palomares, Juan Carlos and Guti{\'e}rrez, Javier},
	journal={Applied Geography},
	volume={34},
	pages={548--558},
	year={2012},
	publisher={Elsevier}
}
@article{zhao2013influences,
	title={What influences Metro station ridership in China? Insights from Nanjing},
	author={Zhao, Jinbao and Deng, Wei and Song, Yan and Zhu, Yueran},
	journal={Cities},
	volume={35},
	pages={114--124},
	year={2013},
	publisher={Elsevier}
}