@book{cervero2004transit,
  title={Transit-oriented development in the United States: Experiences, challenges, and prospects},
  author={Cervero, Robert},
  volume={102},
  year={2004},
  publisher={Transportation Research Board}
}
@article{cervero2002transit,
  title={Transit-oriented development and joint development in the United States: A literature review},
  author={Cervero, Robert and Ferrell, Christopher and Murphy, Steven},
  journal={TCRP research results digest},
  number={52},
  year={2002}
}
@book{calthorpe1993next,
  title={The next American metropolis: Ecology, community, and the American dream},
  author={Calthorpe, Peter},
  year={1993},
  publisher={Princeton architectural press}
}
@book{UN2014world,
  title={World Urbanization Prospects: The 2014 Revision, Highlights},
  author={United Nations, Department of Economic and Social Affairs, Population Division},
  year={2014},
  publisher={United Nations}
}
@article{boarnet1997story,
  title={LA story: A reality check for transit-based housing},
  author={Boarnet, Marlon and Crane, Randall},
  journal={Journal of the American Planning Association},
  volume={63},
  number={2},
  pages={189--204},
  year={1997},
  publisher={Taylor \& Francis}
}
@book{bernick1997transit,
  title={Transit villages in the 21st century},
  author={Bernick, Michael and Cervero, Robert},
  year={1997}
}
@@techreport{megally2001california,
  title={California department of transportation},
  author={Megally, Sami Hanna and Silva, Pedro F and Seible, Frieder},
  journal={SSRP},
  year={2002},
}
